@ARTICLE{Sana:2012Sci,
       author = {{Sana}, H. and {de Mink}, S.~E. and {de Koter}, A. and {Langer}, N. and
        {Evans}, C.~J. and {Gieles}, M. and {Gosset}, E. and {Izzard},
        R.~G. and {Le Bouquin}, J. -B. and {Schneider}, F.~R.~N.},
        title = "{Binary Interaction Dominates the Evolution of Massive Stars}",
      journal = {Science},
     keywords = {ASTRONOMY, Astrophysics - Solar and Stellar Astrophysics, Astrophysics - Cosmology and Extragalactic Astrophysics},
         year = 2012,
        month = Jul,
       volume = {337},
        pages = {444},
          doi = {10.1126/science.1223344},
archivePrefix = {arXiv},
       eprint = {1207.6397},
 primaryClass = {astro-ph.SR},
       adsurl = {https://ui.adsabs.harvard.edu/\#abs/2012Sci...337..444S},
      adsnote = {Provided by the SAO/NASA Astrophysics Data System}
}

@ARTICLE{Moe:2017ApJS,
       author = {{Moe}, Maxwell and {Di Stefano}, Rosanne},
        title = "{Mind Your Ps and Qs: The Interrelation between Period (P) and Mass-ratio (Q) Distributions of Binary Stars}",
      journal = {\apjs},
     keywords = {binaries: close, binaries: general, stars: evolution, stars: formation, stars: massive, stars: statistics, Astrophysics - Solar and Stellar Astrophysics},
         year = "2017",
        month = "Jun",
       volume = {230},
       number = {2},
          eid = {15},
        pages = {15},
          doi = {10.3847/1538-4365/aa6fb6},
archivePrefix = {arXiv},
       eprint = {1606.05347},
 primaryClass = {astro-ph.SR},
       adsurl = {https://ui.adsabs.harvard.edu/abs/2017ApJS..230...15M},
      adsnote = {Provided by the SAO/NASA Astrophysics Data System}
}

@article{abbott2016observation,
   author = {{Abbott}, B.~P. and {Abbott}, R. and {Abbott}, T.~D. and {Abernathy}, M.~R. and 
	{Acernese}, F. and {Ackley}, K. and {Adams}, C. and {Adams}, T. and 
	{Addesso}, P. and {Adhikari}, R.~X. and et al.},
    title = "{Observation of Gravitational Waves from a Binary Black Hole Merger}",
  journal = {\prl},
archivePrefix = "arXiv",
   eprint = {1602.03837},
 primaryClass = "gr-qc",
     year = 2016,
    month = feb,
   volume = 116,
   number = 6,
      eid = {061102},
    pages = {061102},
      doi = {10.1103/PhysRevLett.116.061102},
   adsurl = {http://adsabs.harvard.edu/abs/2016PhRvL.116f1102A},
  adsnote = {Provided by the SAO/NASA Astrophysics Data System}
}

@ARTICLE{GWTC3,
       author = {{Abbott}, R. and {Abbott}, T.~D. and {Acernese}, F. and {Ackley}, K. and {Adams}, C. and {Adhikari}, N. and others},
               title = "{GWTC-3: Compact Binary Coalescences Observed by {LIGO} and {Virgo} During the Second Part of the Third Observing Run}",
      journal = {arXiv e-prints},
     keywords = {General Relativity and Quantum Cosmology, Astrophysics - High Energy Astrophysical Phenomena},
         year = 2021,
        month = nov,
archivePrefix = {arXiv},
       eprint = {2111.03606},
 primaryClass = {gr-qc},
       adsurl = {https://ui.adsabs.harvard.edu/abs/2021arXiv211103606T},
      adsnote = {Provided by the SAO/NASA Astrophysics Data System}
}

@ARTICLE{Scenario,
       author = {{Lipunov}, V.~M. and {Postnov}, K.~A. and {Prokhorov}, M.~E.},
        title = "{The Scenario Machine: restrictions on key parameters of binary evolution.}",
      journal = {\aap},
     keywords = {STARS: BINARIES: GENERAL, BINARIES: CLOSE STARS: EVOLUTION, STARS: NEUTRON, GALAXY: STELLAR CONTENT},
         year = "1996",
        month = "Jun",
       volume = {310},
        pages = {489-507},
       adsurl = {https://ui.adsabs.harvard.edu/abs/1996A&A...310..489L},
      adsnote = {Provided by the SAO/NASA Astrophysics Data System}
}

@ARTICLE{IBiS,
       author = {{Tutukov}, A. and {Yungelson}, L.},
        title = "{Double-degenerate semidetached binaries with helium secondaries: cataclysmic variables, supersoft X-ray sources, supernovae and accretion-induced collapses}",
      journal = {\mnras},
     keywords = {ACCRETION, ACCRETION DISCS, BINARIES: CLOSE, NOVAE, CATACLYSMIC VARIABLES, SUPERNOVAE: GENERAL, X-RAYS: GENERAL},
         year = "1996",
        month = "Jun",
       volume = {280},
       number = {4},
        pages = {1035-1045},
          doi = {10.1093/mnras/280.4.1035},
       adsurl = {https://ui.adsabs.harvard.edu/abs/1996MNRAS.280.1035T},
      adsnote = {Provided by the SAO/NASA Astrophysics Data System}
}


@ARTICLE{SeBa,
       author = {{Portegies Zwart}, S.~F. and {Verbunt}, F.},
        title = "{Population synthesis of high-mass binaries.}",
      journal = {\aap},
     keywords = {STARS: BINARIES: CLOSE, STARS: NEUTRON, STARS: SUPERNOVAE, STARS: EVOLUTION},
         year = "1996",
        month = "May",
       volume = {309},
        pages = {179-196},
       adsurl = {https://ui.adsabs.harvard.edu/abs/1996A&A...309..179P},
      adsnote = {Provided by the SAO/NASA Astrophysics Data System}
}

@ARTICLE{Hurley:2002rf,
       author = {{Hurley}, Jarrod R. and {Tout}, Christopher A. and {Pols}, Onno R.},
        title = "{Evolution of binary stars and the effect of tides on binary populations}",
      journal = {\mnras},
     keywords = {METHODS: ANALYTICAL, METHODS: STATISTICAL, BINARIES: GENERAL, STARS: EVOLUTION, STARS: VARIABLES: OTHER, GALAXIES: STELLAR CONTENT, Astrophysics},
         year = "2002",
        month = "Feb",
       volume = {329},
       number = {4},
        pages = {897-928},
          doi = {10.1046/j.1365-8711.2002.05038.x},
archivePrefix = {arXiv},
       eprint = {astro-ph/0201220},
 primaryClass = {astro-ph},
       adsurl = {https://ui.adsabs.harvard.edu/abs/2002MNRAS.329..897H},
      adsnote = {Provided by the SAO/NASA Astrophysics Data System}
}

@ARTICLE{Belczynski:2008,
       author = {{Belczynski}, Krzysztof and {Kalogera}, Vassiliki and
         {Rasio}, Frederic A. and {Taam}, Ronald E. and {Zezas}, Andreas and
         {Bulik}, Tomasz and {Maccarone}, Thomas J. and {Ivanova}, Natalia},
        title = "{Compact Object Modeling with the StarTrack Population Synthesis Code}",
      journal = {\apjs},
     keywords = {binaries: close, black hole physics, stars: evolution, stars: neutron, white dwarfs, X-rays: binaries, Astrophysics},
         year = "2008",
        month = "Jan",
       volume = {174},
       number = {1},
        pages = {223-260},
          doi = {10.1086/521026},
archivePrefix = {arXiv},
       eprint = {astro-ph/0511811},
 primaryClass = {astro-ph},
       adsurl = {https://ui.adsabs.harvard.edu/abs/2008ApJS..174..223B},
      adsnote = {Provided by the SAO/NASA Astrophysics Data System}
}


@ARTICLE{2018MNRAS.474.2959G,
   author = {{Giacobbo}, N. and {Mapelli}, M. and {Spera}, M.},
    title = "{Merging black hole binaries: the effects of progenitor's metallicity, mass-loss rate and Eddington factor}",
  journal = {\mnras},
archivePrefix = "arXiv",
   eprint = {1711.03556},
 primaryClass = "astro-ph.SR",
 keywords = {black hole physics, gravitational waves, methods: numerical, binaries: general, stars: black holes, stars: mass-loss},
     year = 2018,
    month = mar,
   volume = 474,
    pages = {2959-2974},
      doi = {10.1093/mnras/stx2933},
   adsurl = {http://adsabs.harvard.edu/abs/2018MNRAS.474.2959G},
  adsnote = {Provided by the SAO/NASA Astrophysics Data System}
}

@ARTICLE{BinaryC,
   author = {{Izzard}, R.~G. and {Tout}, C.~A. and {Karakas}, A.~I. and {Pols}, O.~R.
  },
    title = "{A new synthetic model for asymptotic giant branch stars}",
  journal = {\mnras},
   eprint = {astro-ph/0402403},
     year = 2004,
    month = may,
   volume = 350,
    pages = {407-426},
      doi = {10.1111/j.1365-2966.2004.07446.x},
   adsurl = {https://ui.adsabs.harvard.edu/abs/2004MNRAS.350..407I},
  adsnote = {Provided by the SAO/NASA Astrophysics Data System}
}


@ARTICLE{2019arXiv191100903B,
       author = {{Breivik}, Katelyn and {Coughlin}, Scott and {Zevin}, Michael and {Rodriguez}, Carl L. and {Kremer}, Kyle and {Ye}, Claire S. and {Andrews}, Jeff J. and {Kurkowski}, Michael and {Digman}, Matthew C. and {Larson}, Shane L. and {Rasio}, Frederic A.},
        title = "{COSMIC Variance in Binary Population Synthesis}",
      journal = {\apj},
     keywords = {Compact binary stars, Interacting binary stars, Stellar populations, Gravitational wave astronomy, 283, 801, 1622, 675, Astrophysics - High Energy Astrophysical Phenomena, Astrophysics - Solar and Stellar Astrophysics},
         year = 2020,
        month = jul,
       volume = {898},
       number = {1},
          eid = {71},
        pages = {71},
          doi = {10.3847/1538-4357/ab9d85},
archivePrefix = {arXiv},
       eprint = {1911.00903},
 primaryClass = {astro-ph.HE},
       adsurl = {https://ui.adsabs.harvard.edu/abs/2020ApJ...898...71B},
      adsnote = {Provided by the SAO/NASA Astrophysics Data System}
}

@ARTICLE{Hurley:2000pk,
       author = {{Hurley}, Jarrod R. and {Pols}, Onno R. and {Tout}, Christopher A.},
        title = "{Comprehensive analytic formulae for stellar evolution as a function of mass and metallicity}",
      journal = {\mnras},
     keywords = {METHODS: ANALYTICAL, STARS: EVOLUTION, STARS: FUNDAMENTAL PARAMETERS, STARS: MASS-LOSS, STARS: POPULATION II, GALAXIES: STELLAR CONTENT, Astrophysics},
         year = "2000",
        month = "Jul",
       volume = {315},
       number = {3},
        pages = {543-569},
          doi = {10.1046/j.1365-8711.2000.03426.x},
archivePrefix = {arXiv},
       eprint = {astro-ph/0001295},
 primaryClass = {astro-ph},
       adsurl = {https://ui.adsabs.harvard.edu/abs/2000MNRAS.315..543H},
      adsnote = {Provided by the SAO/NASA Astrophysics Data System}
}

@ARTICLE{COMPAS:2021methodsPaper,
       author = {{Team COMPAS: Riley}, Jeff and {Agrawal}, Poojan and {Barrett}, Jim W. and {Boyett}, Kristan N.~K. and {Broekgaarden}, Floor S. and {Chattopadhyay}, Debatri and {Gaebel}, Sebastian M. and {Gittins}, Fabian and {Hirai}, Ryosuke and {Howitt}, George and {Justham}, Stephen and {Khandelwal}, Lokesh and {Kummer}, Floris and {Lau}, Mike Y.~M. and {Mandel}, Ilya and {de Mink}, Selma E. and {Neijssel}, Coenraad and {Riley}, Tim and {van Son}, Lieke and {Stevenson}, Simon and {Vigna-Gomez}, Alejandro and {Vinciguerra}, Serena and {Wagg}, Tom and {Willcox}, Reinhold},
        title = "{Rapid stellar and binary population synthesis with COMPAS}",
      journal = {arXiv e-prints},
     keywords = {Astrophysics - Instrumentation and Methods for Astrophysics, Astrophysics - High Energy Astrophysical Phenomena, Astrophysics - Solar and Stellar Astrophysics},
         year = 2021,
        month = sep,
          eid = {arXiv:2109.10352},
        pages = {arXiv:2109.10352},
archivePrefix = {arXiv},
       eprint = {2109.10352},
 primaryClass = {astro-ph.IM},
       adsurl = {https://ui.adsabs.harvard.edu/abs/2021arXiv210910352T},
      adsnote = {Provided by the SAO/NASA Astrophysics Data System}
}

@ARTICLE{2019MNRAS.490.3740N,
       author = {{Neijssel}, Coenraad J. and {Vigna-G{\'o}mez}, Alejandro and
         {Stevenson}, Simon and {Barrett}, Jim W. and {Gaebel}, Sebastian M. and
         {Broekgaarden}, Floor S. and {de Mink}, Selma E. and
         {Sz{\'e}csi}, Dorottya and {Vinciguerra}, Serena and {Mandel}, Ilya},
        title = "{The effect of the metallicity-specific star formation history on double compact object mergers}",
      journal = {\mnras},
     keywords = {gravitational waves, (stars:) binaries: general, stars: massive, galaxies: star formation, Astrophysics - Solar and Stellar Astrophysics, Astrophysics - Astrophysics of Galaxies},
         year = "2019",
        month = "Dec",
       volume = {490},
       number = {3},
        pages = {3740-3759},
          doi = {10.1093/mnras/stz2840},
archivePrefix = {arXiv},
       eprint = {1906.08136},
 primaryClass = {astro-ph.SR},
       adsurl = {https://ui.adsabs.harvard.edu/abs/2019MNRAS.490.3740N},
      adsnote = {Provided by the SAO/NASA Astrophysics Data System}
}

@article{Barrett:2017fcw,
   author = {{Barrett}, J.~W. and {Gaebel}, S.~M. and {Neijssel}, C.~J. and 
	{Vigna-G{\'o}mez}, A. and {Stevenson}, S. and {Berry}, C.~P.~L. and 
	{Farr}, W.~M. and {Mandel}, I.},
    title = "{Accuracy of inference on the physics of binary evolution from gravitational-wave observations}",
  journal = {\mnras},
archivePrefix = "arXiv",
   eprint = {1711.06287},
 primaryClass = "astro-ph.HE",
 keywords = {black hole physics, gravitational waves, stars: black holes, stars: evolution},
     year = 2018,
    month = jul,
   volume = 477,
    pages = {4685-4695},
      doi = {10.1093/mnras/sty908},
   adsurl = {http://adsabs.harvard.edu/abs/2018MNRAS.477.4685B},
  adsnote = {Provided by the SAO/NASA Astrophysics Data System}
}

@ARTICLE{Stevenson2017FormationEvolution,
       author = {{Stevenson}, Simon and {Vigna-G{\'o}mez}, Alejandro and {Mandel}, Ilya
        and {Barrett}, Jim W. and {Neijssel}, Coenraad J. and {Perkins},
        David and {de Mink}, Selma E.},
        title = "{Formation of the first three gravitational-wave observations through isolated binary evolution}",
      journal = {Nature Communications},
     keywords = {Astrophysics - High Energy Astrophysical Phenomena, General Relativity and Quantum Cosmology},
         year = 2017,
        month = Apr,
       volume = {8},
          eid = {14906},
        pages = {14906},
          doi = {10.1038/ncomms14906},
archivePrefix = {arXiv},
       eprint = {1704.01352},
 primaryClass = {astro-ph.HE},
       adsurl = {https://ui.adsabs.harvard.edu/\#abs/2017NatCo...814906S},
      adsnote = {Provided by the SAO/NASA Astrophysics Data System}
}


@ARTICLE{2018MNRAS.481.4009V,
       author = {{Vigna-G{\'o}mez}, Alejandro and {Neijssel}, Coenraad J. and
        {Stevenson}, Simon and {Barrett}, Jim W. and {Belczynski},
        Krzysztof and {Justham}, Stephen and {de Mink}, Selma E. and
        {M{\"u}ller}, Bernhard and {Podsiadlowski}, Philipp and {Renzo},
        Mathieu and {Sz{\'e}csi}, Dorottya and {Mandel}, Ilya},
        title = "{On the formation history of Galactic double neutron stars}",
      journal = {\mnras},
     keywords = {binaries: general, stars: neutron, pulsars: general, Astrophysics - Solar and Stellar Astrophysics, Astrophysics - High Energy Astrophysical Phenomena},
         year = 2018,
        month = Dec,
       volume = {481},
        pages = {4009-4029},
          doi = {10.1093/mnras/sty2463},
archivePrefix = {arXiv},
       eprint = {1805.07974},
 primaryClass = {astro-ph.SR},
       adsurl = {https://ui.adsabs.harvard.edu/\#abs/2018MNRAS.481.4009V},
      adsnote = {Provided by the SAO/NASA Astrophysics Data System}
}

@ARTICLE{Vinciguerra:2020,
       author = {{Vinciguerra}, Serena and {Neijssel}, Coenraad J. and
         {Vigna-G{\'o}mez}, Alejandro and {Mandel}, Ilya and
         {Podsiadlowski}, Philipp and {Maccarone}, Thomas J. and
         {Nicholl}, Matt and {Kingdon}, Samuel and {Perry}, Alice and
         {Salemi}, Francesco},
        title = "{Be X-ray binaries in the SMC as indicators of mass-transfer efficiency}",
      journal = {\mnras},
     keywords = {X-rays: binaries, stars: emission-line, Be, stars: neutron, stars: evolution, gravitational waves, methods: data analysis, Astrophysics - High Energy Astrophysical Phenomena, Astrophysics - Solar and Stellar Astrophysics},
         year = 2020,
        month = sep,
       volume = {498},
       number = {4},
        pages = {4705-4720},
          doi = {10.1093/mnras/staa2177},
archivePrefix = {arXiv},
       eprint = {2003.00195},
 primaryClass = {astro-ph.HE},
       adsurl = {https://ui.adsabs.harvard.edu/abs/2020MNRAS.498.4705V},
      adsnote = {Provided by the SAO/NASA Astrophysics Data System}
}

@ARTICLE{Howitt:2020,
       author = {{Howitt}, George and {Stevenson}, Simon and {Vigna-G{\'o}mez}, Alejand
        ro and {Justham}, Stephen and {Ivanova}, Natasha and {Woods}, Tyrone E. and
         {Neijssel}, Coenraad J. and {Mandel}, Ilya},
        title = "{Luminous Red Novae: population models and future prospects}",
      journal = {\mnras},
     keywords = {black hole physics, gravitational waves, stars: evolution, Astrophysics - High Energy Astrophysical Phenomena, Astrophysics - Solar and Stellar Astrophysics},
         year = 2020,
        month = mar,
       volume = {492},
       number = {3},
        pages = {3229-3240},
          doi = {10.1093/mnras/stz3542},
archivePrefix = {arXiv},
       eprint = {1912.07771},
 primaryClass = {astro-ph.HE},
       adsurl = {https://ui.adsabs.harvard.edu/abs/2020MNRAS.492.3229H},
      adsnote = {Provided by the SAO/NASA Astrophysics Data System}
}




