@ This formats the citation for the COMPAS Methods Paper in our preferred style
@ The following PREAMBLE entry must appear at the top of the bibtex file

@PREAMBLE{ {\providecommand{\noopsort}[1]{}} }

@ARTICLE{COMPAS:2021methodsPaper,
       author = {{\noopsort{Team COMPAS}}{Team COMPAS: J. Riley} and  {Riley}, Jeff and {Agrawal}, Poojan and {Barrett}, Jim W. and {Boyett}, Kristan N.~K. and {Broekgaarden}, Floor S. and {Chattopadhyay}, Debatri and {Gaebel}, Sebastian M. and {Gittins}, Fabian and {Hirai}, Ryosuke and {Howitt}, George and {Justham}, Stephen and {Khandelwal}, Lokesh and {Kummer}, Floris and {Lau}, Mike Y.~M. and {Mandel}, Ilya and {de Mink}, Selma E. and {Neijssel}, Coenraad and {Riley}, Tim and {van Son}, Lieke and {Stevenson}, Simon and {Vigna-Gomez}, Alejandro and {Vinciguerra}, Serena and {Wagg}, Tom and {Willcox}, Reinhold},
        title = "{Rapid stellar and binary population synthesis with COMPAS}",
      journal = {arXiv e-prints},
     keywords = {Astrophysics - Instrumentation and Methods for Astrophysics, Astrophysics - High Energy Astrophysical Phenomena, Astrophysics - Solar and Stellar Astrophysics},
         year = 2021,
        month = sep,
          eid = {arXiv:2109.10352},
        pages = {arXiv:2109.10352},
archivePrefix = {arXiv},
       eprint = {2109.10352},
 primaryClass = {astro-ph.IM},
       adsurl = {https://ui.adsabs.harvard.edu/abs/2021arXiv210910352T},
      adsnote = {Provided by the SAO/NASA Astrophysics Data System}
}

