
@article{Belczynski_2008,
     author = {{Belczynski}, Krzysztof and {Kalogera}, Vassiliki and {Rasio}, Frederic A. and {Taam}, Ronald E. and {Zezas}, Andreas and {Bulik}, Tomasz and {Maccarone}, Thomas J. and {Ivanova}, Natalia},
      title = {Compact Object Modeling with the StarTrack Population Synthesis Code},
    journal = {ApJS},
     volume = {174},
     number = {1},
       year = {2008},
      month = {Jan},
      pages = {223-260}
}

@article{Barrett_2018,
     author = {{Barrett}, Jim W. and {Gaebel}, Sebastian M. and {Neijssel}, Coenraad J. and {Vigna-G{\'o}mez}, Alejandro and {Stevenson}, Simon and {Berry}, Christopher P.~L. and {Farr}, Will M. and {Mandel}, Ilya},
      title = {Accuracy of inference on the physics of binary evolution from gravitational-wave observations},
    journal = {MNRAS},
     volume = {477},
     number = {4},
       year = {2018},
      month = {Jul},
      pages = {4685-4695}
}

@article{Broekgaarden_2019,
     author = {{Broekgaarden}, Floor S. and {Justham}, Stephen and {de Mink}, Selma E. and {Gair}, Jonathan and {Mandel}, Ilya and {Stevenson}, Simon and {Barrett}, Jim W. and {Vigna-G{\'o}mez}, Alejandro and {Neijssel}, Coenraad J.},
      title = {STROOPWAFEL: simulating rare outcomes from astrophysical populations, with application to gravitational-wave sources$^{★}$},
    journal = {MNRAS},
       year = {2019},
      month = {Dec},
     volume = {490},
     number = {4},
      pages = {5228-5248}
}

@article{Chattopadhyay_2020,
     author = {{Chattopadhyay}, Debatri and {Stevenson}, Simon and {Hurley}, Jarrod R. and {Rossi}, Luca J. and {Flynn}, Chris},
      title = {Modelling double neutron stars: radio and gravitational waves},
    journal = {MNRAS},
     volume = {494},
     number = {2},
       year = {2020},
      month = {Mar},
      pages = {1587-1610}
}

@article{Claeys_2014,
     author = {{Claeys}, J. S. W. and {Pols}, O. R. and {Izzard}, R. G. and {Vink}, J. and {Verbunt}, F. W. M.},
      title = {Theoretical uncertainties of the Type Ia supernova rate},
    journal = {A \& A},
     volume = {563},
       year = {2014},
      month = {Mar},
      pages = {A83}
}

@article{Dewi_2000,
     author = {{Dewi}, Jasinta and {Tauris}, Thomas},
      title = {On the Energy Equation and Efficiency Parameter of the Common Envelope Evolution},
    journal = {A \& A},
     volume = {360},
       year = {2000},
      month = {Aug},
      pages = {}
}

@article{Fryer_2012,
     author = {{Fryer}, Chris L. and {Belczynski}, Krzysztof and {Wiktorowicz}, Grzegorz and {Dominik}, Michal and {Kalogera}, Vicky and {Holz}, Daniel E.},
      title = {Compact Remnant Mass Function: Dependence on the Explosion Mechanism and Metallicity},
    journal = {Apj},
     volume = {749},
       year = {2012},
      month = {Apr},
      pages = {91}
}

@article{Hurley_2000,
     author = {{Hurley}, Jarrod R. and {Pols}, Onno R. and {Tout}, Christopher A.},
      title = {Comprehensive analytic formulae for stellar evolution as a function of mass and metallicity},
    journal = {MNRAS},
     volume = {315},
       year = {2000},
      pages = {543},
}

@article{Kruckow_2016,
     author = {{Kruckow}, M.~U. and {Tauris}, T.~M. and {Langer}, N. and {Sz{\'e}csi}, D. and {Marchant}, P. and {Podsiadlowski}, Ph.},
      title = {Common-envelope ejection in massive binary stars. Implications for the progenitors of GW150914 and GW151226},
    journal = {A \& A},
     volume = {596},
       year = {2016},
      month = {Nov},
      pages = {A58}
}

@article{Loveridge_2011,
     author = {{Loveridge}, A.~J. and {van der Sluys}, M.~V. and {Kalogera}, V.},
      title = {Analytical Expressions for the Envelope Binding Energy of Giants as a Function of Basic Stellar Parameters},
    journal = {Apj},
     volume = {743},
     number = {1},
       year = {2011},
      month = {Dec},
      pages = {49}
}

@article{Mennekens_2014,
     author = {{Mennekens}, N. and {Vanbeveren}, D.},
      title = {Massive double compact object mergers: gravitational wave sources and r-process element production sites},
    journal = {A \& A},
     volume = {564},
       year = {2014},
      month = {Apr},
      pages = {A134}
}

@article{Neijssel_2019,
     author = {{Neijssel}, Coenraad J. and {Vigna-G{\'o}mez}, Alejandro and {Stevenson}, Simon and {Barrett}, Jim W. and {Gaebel}, Sebastian M. and {Broekgaarden}, Floor S. and {de Mink}, Selma E. and {Sz{\'e}csi}, Dorottya and {Vinciguerra}, Serena and {Mandel}, Ilya},
      title = {The effect of the metallicity-specific star formation history on double compact object mergers},
    journal = {MNRAS},
     volume = {490},
     number = {3},
       year = {2019},
      month = {Dec},
      pages = {3740-3759}
}

@article{Soberman_1997,
     author = {{Soberman}, G. E. and {Phinney}, E. S. and {van den Heuvel}, E. P. J.},
      title = {Stability criteria for mass transfer in binary stellar evolution.},
    journal = {A \& A},
     volume = {327},
       year = {1997},
      month = {Nov},
      pages = {620-635}
}

@article{Stevenson_2017,
     author = {{Stevenson}, Simon and {Vigna-G{\'o}mez}, Alejandro and {Mandel}, Ilya and {Barrett}, Jim W. and {Neijssel}, Coenraad J. and {Perkins}, David and {de Mink}, Selma E.},
      title = {Formation of the first three gravitational-wave observations through isolated binary evolution},
    journal = {Nat. Commun.},
       year = {2017},
      month = {Apr},
     volume = {8},
      pages = {14906}
}

@article{Stevenson_2019,
     author = {{Stevenson}, Simon and {Sampson}, Matthew and {Powell}, Jade and {Vigna-G{\'o}mez}, Alejandro and {Neijssel}, Coenraad J. and {Sz{\'e}csi}, Dorottya and {Mandel}, Ilya},
      title = {The Impact of Pair-instability Mass Loss on the Binary Black Hole Mass Distribution},
    journal = {Apj},
     volume = {882},
     number = {2},
       year = {2019},
      month = {Sep},
      pages = {121}
}

@article{Vigna_Gomez_2018,
     author = {{Vigna-Gómez}, Alejandro and {Neijssel}, Coenraad J and {Stevenson}, Simon and {Barrett}, Jim W. and {Belczynski}, Krzysztof and {Justham}, Stephen and {de Mink}, Selma E. and {Müller}, Bernhard and {Podsiadlowski}, Philipp and {Renzo}, Mathieu and et al.},
      title = {On the formation history of Galactic double neutron stars},
    journal = {MNRAS},
     volume = {481},
     number = {3},
       year = {2018},
      month = {Sep},
      pages = {4009–4029}
}

@article{Webbink_1984,
     author = {{Webbink}, R.~F.},
      title = {Double white dwarfs as progenitors of R Coronae Borealis stars and Type I supernovae},
    journal = {Apj},
     volume = {277},
       year = {1984},
      month = {Feb},
      pages = {355-360}
}

@article{Xu_2010,
     author = {{Xu}, Xiao-Jie and {Li}, Xiang-Dong},
      title = {On the Binding Energy Parameter {\ensuremath{\lambda}} of Common Envelope Evolution},
    journal = {Apj},
     volume = {716},
       year = {2010},
      month = {Jun},
      pages = {114-121}
}
